<?xml version="1.0" encoding="UTF-8"?><collection xmlns="http://www.loc.gov/MARC21/slim"><record><leader>00536nam--2200181-i-4500</leader><controlfield tag="001">000012676</controlfield><controlfield tag="002">20161230</controlfield><controlfield tag="005">20170108173428</controlfield><controlfield tag="008">060222s1000------------r-----000-0-eng-d</controlfield><datafield ind1=" " ind2=" " tag="080"><subfield code="a">539.125.5:621.039.512(047.3)</subfield></datafield><datafield ind1=" " ind2=" " tag="100"><subfield code="a">Abbate, M. J</subfield></datafield><datafield ind1=" " ind2=" " tag="245"><subfield code="a">Una evaluacion del modelo endf/gasket de la disperasion de neutrones termicos en agua pesada</subfield></datafield><datafield ind1=" " ind2=" " tag="260"><subfield code="a">Buenos Aires</subfield><subfield code="b">Comision Nacional De Energia Atomica</subfield><subfield code="c">1977</subfield></datafield><datafield ind1=" " ind2=" " tag="300"><subfield code="a">36 p</subfield></datafield><datafield ind1=" " ind2=" " tag="490"><subfield code="a">431</subfield></datafield><datafield ind1=" " ind2=" " tag="700"><subfield code="a">Antunez, H. M</subfield></datafield><datafield ind1=" " ind2=" " tag="852"><subfield code="a">14000</subfield></datafield><datafield ind1=" " ind2=" " tag="CAT"><subfield code="a">SYS</subfield><subfield code="c">20170108</subfield><subfield code="h">173428</subfield></datafield></record></collection>